
@article{chu1998,
	author = {S. Chu and J. DeRisi and M. Eisen and J. Mulholland and D. Botstein and P. O. Brown and I. Herskowitz},
	title = {The Transcriptional Program of Sporulation in Budding Yeast},
	journal = {Science},
	volume = {282},
	number = {5389},
	pages = {699-705},
	year = {1998},
	doi = {10.1126/science.282.5389.699},
	url = {https://www.science.org/doi/10.1126/science.282.5389.699}
}
@article{datta2003,
	author = {Susmita Datta and Somnath Datta},
	title = {Comparisons and validation of statistical clustering techniques for microarray gene expression data},
	journal = {Bioinformatics},
	volume = {19},
	number = {4},
	pages = {459--466},
	year = {2003},
	doi = {10.1093/bioinformatics/btg025},
	url = {https://doi.org/10.1093/bioinformatics/btg025}
}
@article{guess2002,
	author = {Michael J. Guess and Scott B. Wilson},
	title = {Introduction to Hierarchical Clustering},
	journal = {Journal of Clinical Neurophysiology},
	volume = {19},
	number = {2},
	pages = {144--151},
	year = {2002},
	month = {March},
	doi = {10.1097/00004691-200203000-00005},
	url = {https://journals.lww.com/clinicalneurophys/abstract/2002/03000/introduction_to_hierarchical_clustering.5.aspx},
	pmid = {11997725}
}
@article{steinley2006,
	author = {Douglas Steinley},
	title = {K-means clustering: a half-century synthesis},
	journal = {The British Journal of Mathematical and Statistical Psychology},
	volume = {59},
	number = {Pt 1},
	pages = {1--34},
	year = {2006},
	doi = {10.1348/000711005X48266}
}
@article{Toronen1999,
	author = {Törönen, P. and R. Kallio, P. and S. Vainio, T. and R. P. F. et al.},
	title = {Analysis of gene expression data using self-organizing maps},
	journal = {FEBS Letters},
	volume = {451},
	number = {2},
	pages = {142--146},
	year = {1999},
	doi = {10.1016/s0014-5793(99)00524-4},
}
@article{Wang2018Thresher,
	title={Thresher: determining the number of clusters while removing outliers},
	author={Wang, Min and Abrams, Zane B and Kornblau, Steven M and Coombes, Kevin R},
	journal={BMC Bioinformatics},
	volume={19},
	number={1},
	pages={9},
	year={2018},
	month={Jan},
	doi={10.1186/s12859-017-1998-9},
	pmid={29310570},
	pmcid={PMC5759208}
}
@article{Ning2023Clustering,
	title={A clustering method for small scRNA-seq data based on subspace and weighted distance},
	author={Ning, Zilan and others},
	journal={PeerJ},
	volume={11},
	pages={e14706},
	year={2023},
	month={Jan},
	doi={10.7717/peerj.14706}
}
@article{Davies1979Cluster,
	title={A cluster separation measure},
	author={Davies, D. L. and Bouldin, D. W.},
	journal={IEEE Transactions on Pattern Analysis and Machine Intelligence},
	volume={1},
	number={2},
	pages={224--227},
	year={1979}
}
